<record xmlns="http://www.loc.gov/MARC21/slim" xmlns:xsi="http://www.w3.org/2001/XMLSchema-instance" xsi:schemaLocation="http://www.loc.gov/MARC21/slim http://www.loc.gov/standards/marcxml/schema/MARC21slim.xsd"><leader>02123nam a2200361   4500</leader><controlfield tag="001">002120593</controlfield><controlfield tag="003">NNU</controlfield><controlfield tag="006">m        d        </controlfield><controlfield tag="007">cr cn |||m|||a</controlfield><controlfield tag="008">150223s1900    ua      o     000 0 ara d</controlfield><datafield ind1=" " ind2=" " tag="040"><subfield code="a">NNU</subfield><subfield code="b">eng</subfield><subfield code="c">NNU</subfield></datafield><datafield ind1=" " ind2="4" tag="050"><subfield code="a">PJ6106</subfield><subfield code="b">.A37 1900</subfield></datafield><datafield ind1="0" ind2=" " tag="100"><subfield code="6">880-01</subfield><subfield code="a">Ah&#803;mad ibn Ha&#772;ru&#772;n.</subfield></datafield><datafield ind1="1" ind2="0" tag="240"><subfield code="6">880-02</subfield><subfield code="a">Sharh&#803; al-lafz&#803; al-la&#772;&#700;iq wa-al-ma&#699;na&#769; al-ra&#772;&#700;iq fi&#772; al-algha&#772;z al-lughawi&#772;yah</subfield></datafield><datafield ind1="1" ind2="0" tag="245"><subfield code="6">880-03</subfield><subfield code="a">Kita&#772;b sharh&#803; al-lafz&#803; al-la&#772;&#700;iq wa-al-ma&#699;na&#769; al-ra&#772;&#700;iq fi&#772; al-algha&#772;z al-lughawi&#772;yah</subfield><subfield code="h">[electronic resource] /</subfield><subfield code="c">li-Abi&#772; Bakr Shiha&#772;b al-Di&#772;n Ah&#803;mad ibn Ha&#772;ru&#772;n.</subfield></datafield><datafield ind1=" " ind2=" " tag="260"><subfield code="6">880-04</subfield><subfield code="a">Mis&#803;r :</subfield><subfield code="b">Mat&#803;ba&#699;at al-Mawsu&#772;&#699;a&#772;t,</subfield><subfield code="c">1900.</subfield></datafield><datafield ind1=" " ind2=" " tag="300"><subfield code="a">online resource (64 p.)</subfield></datafield><datafield ind1=" " ind2=" " tag="500"><subfield code="a">Part of the Arabic Collections Online (ACO) project, contributed by New York Univeristy Libraries.</subfield></datafield><datafield ind1=" " ind2=" " tag="533"><subfield code="a">Electronic reproduction.</subfield><subfield code="b">New York, N.Y. :</subfield><subfield code="c">New York University,</subfield><subfield code="d">2015.</subfield><subfield code="5">NNU</subfield></datafield><datafield ind1=" " ind2="0" tag="650"><subfield code="a">Arabic language</subfield><subfield code="x">Grammar.</subfield></datafield><datafield ind1=" " ind2="7" tag="650"><subfield code="a">Arabic language</subfield><subfield code="x">Grammar.</subfield><subfield code="2">fast</subfield><subfield code="0">(OCoLC)fst00812341</subfield></datafield><datafield ind1="2" ind2=" " tag="710"><subfield code="a">New York University.</subfield><subfield code="b">Libraries.</subfield></datafield><datafield ind1="0" ind2=" " tag="730"><subfield code="a">Arabic Collections Online.</subfield></datafield><datafield ind1="0" ind2=" " tag="740"><subfield code="6">880-05</subfield><subfield code="a">Sharh&#803; al-lafz&#803; al-la&#772;&#700;iq wa-al-ma&#699;na&#769; al-ra&#772;&#700;iq fi&#772; al-algha&#772;z al-lughawi&#772;yah.</subfield></datafield><datafield ind1="0" ind2="8" tag="776"><subfield code="i">Print version:</subfield><subfield code="a">Ah&#803;mad ibn Ha&#772;ru&#772;n.</subfield><subfield code="t">Kita&#772;b sharh&#803; al-lafz&#803; al-la&#772;&#700;iq wa-al-ma&#699;na&#769; al-ra&#772;&#700;iq fi&#772; al-algha&#772;z al-lughawi&#772;yah</subfield><subfield code="w">(NNU)002120593</subfield></datafield><datafield ind1="4" ind2="0" tag="856"><subfield code="u">http://hdl.handle.net/2333.1/tht76k8s</subfield></datafield><datafield ind1="0" ind2=" " tag="880"><subfield code="6">100-01/</subfield><subfield code="a">&#1575;&#1581;&#1605;&#1583; &#1576;&#1606; &#1607;&#1575;&#1585;&#1608;&#1606;.</subfield></datafield><datafield ind1="1" ind2="0" tag="880"><subfield code="6">240-02/</subfield><subfield code="a">&#1588;&#1585;&#1581; &#1575;&#1604;&#1604;&#1601;&#1592; &#1575;&#1604;&#1604;&#1575;&#1574;&#1602; &#1608;&#1575;&#1604;&#1605;&#1593;&#1606;&#1609; &#1575;&#1604;&#1585;&#1575;&#1574;&#1602; &#1601;&#1610; &#1575;&#1604;&#1575;&#1604;&#1594;&#1575;&#1586; &#1575;&#1604;&#1604;&#1594;&#1608;&#1610;&#1577;</subfield></datafield><datafield ind1="1" ind2="0" tag="880"><subfield code="6">245-03/</subfield><subfield code="a">&#1603;&#1578;&#1575;&#1576; &#1588;&#1585;&#1581; &#1575;&#1604;&#1604;&#1601;&#1592; &#1575;&#1604;&#1604;&#1575;&#1574;&#1602; &#1608;&#1575;&#1604;&#1605;&#1593;&#1606;&#1609; &#1575;&#1604;&#1585;&#1575;&#1574;&#1602; &#1601;&#1610; &#1575;&#1604;&#1575;&#1604;&#1594;&#1575;&#1586; &#1575;&#1604;&#1604;&#1594;&#1608;&#1610;&#1577; /</subfield><subfield code="c">&#1604;&#1575;&#1576;&#1610; &#1576;&#1603;&#1585; &#1588;&#1607;&#1575;&#1576; &#1575;&#1604;&#1583;&#1610;&#1606; &#1575;&#1581;&#1605;&#1583; &#1576;&#1606; &#1607;&#1575;&#1585;&#1608;&#1606;.</subfield></datafield><datafield ind1=" " ind2=" " tag="880"><subfield code="6">260-04/</subfield><subfield code="a">&#1605;&#1589;&#1585; :</subfield><subfield code="b">&#1605;&#1591;&#1576;&#1593;&#1577; &#1575;&#1604;&#1605;&#1608;&#1587;&#1608;&#1593;&#1575;&#1578;&#1548;</subfield><subfield code="c">1900.</subfield></datafield><datafield ind1="0" ind2=" " tag="880"><subfield code="6">740-05/</subfield><subfield code="a">&#1588;&#1585;&#1581; &#1575;&#1604;&#1604;&#1601;&#1592; &#1575;&#1604;&#1604;&#1575;&#1574;&#1602; &#1608;&#1575;&#1604;&#1605;&#1593;&#1606;&#1609; &#1575;&#1604;&#1585;&#1575;&#1574;&#1602; &#1601;&#1610; &#1575;&#1604;&#1575;&#1604;&#1594;&#1575;&#1586; &#1575;&#1604;&#1604;&#1594;&#1608;&#1610;&#1577;.</subfield></datafield><datafield ind1=" " ind2=" " tag="959"><subfield code="a">NNU</subfield><subfield code="b">WEB</subfield><subfield code="c">GENI</subfield><subfield code="t">0</subfield><subfield code="m">Electronic access</subfield><subfield code="s">01</subfield></datafield><datafield ind1=" " ind2=" " tag="999"><subfield code="i">NNU_002120593</subfield><subfield code="s">nyu_aco000228</subfield></datafield></record>